<?xml version="1.0" encoding="UTF-8"?><record xmlns="http://www.loc.gov/MARC21/slim" xmlns:cinclude="http://apache.org/cocoon/include/1.0" xmlns:zs="http://www.loc.gov/zing/srw/">
  <leader>00393nz  a2200133n  4500</leader>
  <controlfield tag="001">n 2012011000</controlfield>
  <controlfield tag="003">DLC</controlfield>
  <controlfield tag="005">20120216074912.0</controlfield>
  <controlfield tag="008">120215n| acannaabn          |a aaa      </controlfield>
  <datafield tag="010" ind1=" " ind2=" ">
    <subfield code="a">n 2012011000</subfield>
  </datafield>
  <datafield tag="040" ind1=" " ind2=" ">
    <subfield code="a">DLC</subfield>
    <subfield code="b">eng</subfield>
    <subfield code="c">DLC</subfield>
  </datafield>
  <datafield tag="100" ind1="1" ind2=" ">
    <subfield code="a">Socorro Santana, Pedro</subfield>
  </datafield>
  <datafield tag="400" ind1="1" ind2=" ">
    <subfield code="a">Santana, Pedro Socorro</subfield>
  </datafield>
  <datafield tag="670" ind1=" " ind2=" ">
    <subfield code="a">La fiesta de los indianos en Las Lagunetas, 1909-2009, 2009:</subfield>
    <subfield code="b">t.p. (Pedro Socorro Santana)</subfield>
  </datafield>
</record>